@book{Aho:72,
    author  = {Alfred V. Aho and Jeffrey D. Ullman},
    title   = {The Theory of Parsing, Translation and Compiling},
    year    = "1972",
    volume  = "1",
    publisher = {Prentice-Hall},
    address = {Englewood Cliffs, NJ}
}

@book{APA:83,
    author  = {{American Psychological Association}},
    title   = {Publications Manual},
    year    = "1983",
   publisher = {American Psychological Association},
   address = {Washington, DC}
}

@article{Chandra:81,
	author = {Ashok K. Chandra and Dexter C. Kozen and Larry J. Stockmeyer},
	year = "1981",
	title = {Alternation},
	journal = {Journal of the Association for Computing Machinery},
	volume = "28",
	number = "1",
	pages = "114--133",
	doi = "10.1145/322234.322243",
}

@inproceedings{andrew2007scalable,
  title={Scalable training of {L1}-regularized log-linear models},
  author={Andrew, Galen and Gao, Jianfeng},
  booktitle={Proceedings of the 24th International Conference on Machine Learning},
  pages={33--40},
  year={2007},
}

@book{Gusfield:97,
    author  = {Dan Gusfield},
    title   = {Algorithms on Strings, Trees and Sequences},
    year    = "1997",
    publisher = {Cambridge University Press},
    address = {Cambridge, UK}
}

@article{rasooli-tetrault-2015,
    author    = {Mohammad Sadegh Rasooli and Joel R. Tetreault},
    title     = {Yara Parser: {A} Fast and Accurate Dependency Parser},
    journal   = {Computing Research Repository},
    volume    = {arXiv:1503.06733},
    year      = {2015},
    url       = {http://arxiv.org/abs/1503.06733},
    note    = {version 2}
}

@article{Ando2005,
	Acmid = {1194905},
	Author = {Ando, Rie Kubota and Zhang, Tong},
	Issn = {1532-4435},
	Issue_Date = {12/1/2005},
	Journal = {Journal of Machine Learning Research},
	Month = dec,
	Numpages = {37},
	Pages = {1817--1853},
	Publisher = {JMLR.org},
	Title = {A Framework for Learning Predictive Structures from Multiple Tasks and Unlabeled Data},
	Volume = {6},
	Year = {2005}}





@article{DBLP:journals/corr/abs-1907-12484,
  author    = {Julia Kreutzer and
               Jasmijn Bastings and
               Stefan Riezler},
  title     = {Joey {NMT:} {A} Minimalist {NMT} Toolkit for Novices},
  journal   = {CoRR},
  volume    = {abs/1907.12484},
  year      = {2019},
  url       = {http://arxiv.org/abs/1907.12484},
  archivePrefix = {arXiv},
  eprint    = {1907.12484},
  timestamp = {Tue, 14 Jul 2020 12:35:41 +0200},
  biburl    = {https://dblp.org/rec/journals/corr/abs-1907-12484.bib},
  bibsource = {dblp computer science bibliography, https://dblp.org}
}

@online{speech2text,
    author = "The Hugging Face Team",
    title = "Speech2Text",
    url  = "https://huggingface.co/transformers/model_doc/speech_to_text.html",
    addendum = "(accessed: 19.08.2021)",
    keywords = "speech2text,hugging_face"
}

@online{mozillaspeech,
    author = "Mozilla",
    title = "Speech & Machine Learning",
    url  = "https://research.mozilla.org/machine-learning/",
    addendum = "(accessed: 19.08.2021)",
    keywords = "mozilla,speech,machine_learning"
}

% https://github.com/common-voice/common-voice#citation
@inproceedings{commonvoice:2020,
  author = {Ardila, R. and Branson, M. and Davis, K. and Henretty, M. and Kohler, M. and Meyer, J. and Morais, R. and Saunders, L. and Tyers, F. M. and Weber, G.},
  title = {Common Voice: A Massively-Multilingual Speech Corpus},
  booktitle = {Proceedings of the 12th Conference on Language Resources and Evaluation (LREC 2020)},
  pages = {4211--4215},
  year = 2020
}

@online{torch_audio,
    author = "Pytorch",
    title = "torchaudio: an audio library for PyTorch",
    url  = "https://github.com/pytorch/audio",
    addendum = "(accessed: 19.08.2021)",
    keywords = "pytorch,audio"
}
@online{speech_joey,
    author = "Sariya Karimova",
    title = "Speech Joey",
    url  = "https://github.com/Sariyusha/speech_joeyo",
    addendum = "(accessed: 09.09.2021)",
    year = {2019}
}

@INPROCEEDINGS{Wang_7983644,  author={Wang, Yi and Lawlor, Bob},  booktitle={2017 28th Irish Signals and Systems Conference (ISSC)},   title={Speaker recognition based on MFCC and BP neural networks},   year={2017},  volume={},  number={},  pages={1-4},  doi={10.1109/ISSC.2017.7983644}}

@INPROCEEDINGS{Winursito_8350748,
  author={Winursito, Anggun and Hidayat, Risanuri and Bejo, Agus},
  booktitle={2018 International Conference on Information and Communications Technology (ICOIACT)}, 
  title={Improvement of MFCC feature extraction accuracy using PCA in Indonesian speech recognition}, 
  year={2018},
  volume={},
  number={},
  pages={379-383},
  doi={10.1109/ICOIACT.2018.8350748}}
  
  
@article{singh2014approach,
  title={An approach to extract feature using mfcc},
  author={Singh, Parwinder Pal and Rani, Pushpa},
  journal={IOSR Journal of Engineering},
  volume={4},
  number={8},
  pages={21--25},
  year={2014}
}
  
 @inproceedings{ittichaichareon2012speech,
  title={Speech recognition using MFCC},
  author={Ittichaichareon, Chadawan and Suksri, Siwat and Yingthawornsuk, Thaweesak},
  booktitle={International conference on computer graphics, simulation and modeling},
  pages={135--138},
  year={2012}
}

@ARTICLE{Comer_1162014,
  author={Comer, D.},
  journal={IEEE Transactions on Audio and Electroacoustics}, 
  title={The use of waveform asymmetry to identify voiced sounds}, 
  year={1968},
  volume={16},
  number={4},
  pages={500-506},
  doi={10.1109/TAU.1968.1162014}}
  
@misc{jozefowicz2016exploring,
      title={Exploring the Limits of Language Modeling}, 
      author={Rafal Jozefowicz and Oriol Vinyals and Mike Schuster and Noam Shazeer and Yonghui Wu},
      year={2016},
      eprint={1602.02410},
      archivePrefix={arXiv},
      primaryClass={cs.CL}
}

 @inproceedings{MelFreq,
  title={A Scale for the Measurement of the Psychological Magnitude Pitch},
  author={Stevens, S. S. and Volkmann, J. and Newman, E. B.},
  booktitle={The Journal of the Acoustical Society of America},
  pages={185--190},
  year={1937},
  doi={10.1121/1.1915893}}

